<record><leader>00000cas a22000007a 4500</leader><controlfield tag="001">1570194</controlfield><controlfield tag="008">750824d19561963mnuwr ne      0    0eng d</controlfield><controlfield tag="009">501</controlfield><datafield ind1=" " ind2=" " tag="010"><subfield code="a">sn 90059998 </subfield></datafield><datafield ind1=" " ind2=" " tag="040"><subfield code="a">MUL</subfield><subfield code="b">eng</subfield><subfield code="c">MUL</subfield><subfield code="d">OCL</subfield><subfield code="d">MN#</subfield></datafield><datafield ind1="1" ind2=" " tag="029"><subfield code="a">AU@</subfield><subfield code="b">000025899884</subfield></datafield><datafield ind1=" " ind2=" " tag="042"><subfield code="a">msc</subfield></datafield><datafield ind1=" " ind2=" " tag="043"><subfield code="a">n-us-mn</subfield></datafield><datafield ind1=" " ind2=" " tag="052"><subfield code="a">4144</subfield><subfield code="b">C7</subfield><subfield code="b">F8</subfield></datafield><datafield ind1=" " ind2=" " tag="052"><subfield code="a">4143</subfield><subfield code="b">A5</subfield></datafield><datafield ind1="0" ind2="0" tag="245"><subfield code="a">Fridley news.</subfield></datafield><datafield ind1=" " ind2=" " tag="260"><subfield code="a">Columbia Heights, Minn. :</subfield><subfield code="b">Edward Kaspszak,</subfield><subfield code="c">1956-1963.</subfield></datafield><datafield ind1=" " ind2=" " tag="300"><subfield code="a">8 v.</subfield></datafield><datafield ind1=" " ind2=" " tag="310"><subfield code="a">Weekly</subfield></datafield><datafield ind1="0" ind2=" " tag="362"><subfield code="a">Vol. 1, no. 1 (Nov. 2, 1956)-v. 8, no. 41 (Dec. 11, 1963).</subfield></datafield><datafield ind1=" " ind2=" " tag="530"><subfield code="a">Available on microfilm from the Minnesota Historical Society.</subfield></datafield><datafield ind1=" " ind2=" " tag="752"><subfield code="a">United States</subfield><subfield code="b">Minnesota</subfield><subfield code="c">Anoka</subfield><subfield code="d">Columbia Heights.</subfield></datafield><datafield ind1=" " ind2=" " tag="752"><subfield code="a">United States</subfield><subfield code="b">Minnesota</subfield><subfield code="c">Anoka</subfield><subfield code="d">Fridley.</subfield></datafield><datafield ind1="0" ind2="0" tag="785"><subfield code="t">Record (Columbia Heights, Minn. : Fridley ed.)</subfield><subfield code="w">(DLC)sn 90059999</subfield></datafield></record>